% -----------------------
% Representation Learning
% -----------------------

@misc{assran2025vjepa2selfsupervisedvideo,
      title={V-JEPA 2: Self-Supervised Video Models Enable Understanding, Prediction and Planning},
      author={Mido Assran and Adrien Bardes and David Fan and Quentin Garrido and Russell Howes and others},
      year={2025},
      eprint={2506.09985},
      archivePrefix={arXiv},
      primaryClass={cs.AI},
      url={https://arxiv.org/abs/2506.09985},
}

% -----------------------
% Background References
% -----------------------

@article{author2023,
  title={Theoretical Framework for Advanced Machine Learning Systems},
  author={Author, John and Coauthor, Jane},
  journal={Journal of Machine Learning Research},
  volume={24},
  number={1},
  pages={1--25},
  year={2023},
  publisher={JMLR}
}

@article{another2022,
  title={Extensions to Classical Machine Learning Approaches},
  author={Another, Alice and Researcher, Bob},
  journal={Neural Information Processing Systems},
  volume={35},
  pages={1234--1245},
  year={2022}
}

@article{third2024,
  title={Recent Developments in Deep Learning Architectures},
  author={Third, Charlie and Scientist, Diana},
  journal={International Conference on Machine Learning},
  pages={5678--5689},
  year={2024}
}

% -----------------------
% Related Work References
% -----------------------

@article{smith2020,
  title={Rule-Based Systems for Pattern Recognition},
  author={Smith, John and Developer, Mary},
  journal={Pattern Recognition Letters},
  volume={131},
  pages={45--52},
  year={2020}
}

@article{jones2021,
  title={Statistical Approaches to Machine Learning},
  author={Jones, Robert and Analyst, Sarah},
  journal={Journal of Statistical Learning},
  volume={12},
  number={3},
  pages={78--89},
  year={2021}
}

@article{brown2022,
  title={Optimization Techniques for Neural Networks},
  author={Brown, Michael and Engineer, Lisa},
  journal={Optimization and Machine Learning},
  volume={8},
  pages={234--245},
  year={2022}
}

@article{wilson2021,
  title={Support Vector Machines with Advanced Kernels},
  author={Wilson, David and Researcher, Emma},
  journal={Machine Learning Research},
  volume={15},
  pages={156--167},
  year={2021}
}

@article{davis2022,
  title={Ensemble Methods for Improved Robustness},
  author={Davis, Christopher and Scientist, Olivia},
  journal={Journal of Machine Learning},
  volume={31},
  number={2},
  pages={89--101},
  year={2022}
}

@article{miller2023,
  title={Neural Network Architecture Design},
  author={Miller, James and Architect, Patricia},
  journal={Deep Learning Quarterly},
  volume={7},
  pages={345--356},
  year={2023}
}

@article{garcia2023,
  title={Hybrid Systems for Interpretable Machine Learning},
  author={Garcia, Maria and Designer, Carlos},
  journal={Interpretable AI},
  volume={4},
  pages={67--78},
  year={2023}
}

@article{lee2024,
  title={Modular Architectures for Scalable Machine Learning},
  author={Lee, Kevin and Builder, Anna},
  journal={Scalable Machine Learning},
  volume={2},
  number={1},
  pages={123--134},
  year={2024}
}
